@string{jACM="J. of the ACM"}	  
%@string{ADM="Annals of Discrete Mathematics"}
%@string{AI="Acta Informatica"}	
@string{ALG="Algorithmica"}	  
@string{DAM="Discrete Applied Math."}

@string{COR="Computers \& Oper. Res."}
@string{IPL="Information Processing Letters"}	
@string{JCT="J. of Combinatorial Theory"}
@string{JORS="J. of Operations Research Society"}
@string{JC="J. of Complexity"}
@string{JA="J. of Algorithms"}
@string{JoS="J. of Scheduling"}
		  
@string{MOR="Math. Oper. Res."}
@string{MP="Math. Programming"}		  
@string{OR="Operation Research"}
@string{ORL="Oper. Res. Letters"}
@string{EJOR="Eur. J. Oper. Res."}
@string{MS="Management Sci."}

%@string{SIAMjc="SIAM J. Comput."}
%@string{SIAMjam="SIAM J. Appl. Math."}
%@string{SIAMjdm="SIAM J. Discrete Math."}
%@string{SIAMjadm="SIAM J. Algebraic and Discrete Methods"}
%@string{SIAMjo="SIAM J. Optim."}

@string{IJOPM="International J. Oper. Production Management"},
%@string{LNCS="Lecture Notes in Computer Science"}
@string{NRL="Naval Research Logistics"}
@string{SODA="ACM-SIAM Symposium on Discrete Algorithms (SODA)"}

%For conferences
@InProceedings{Aziz17,
author = {Aziz, I.},
title = {A report on LIRP},
year = {2017},
pages = {67-79},
booktitle = {Symposium on Location Inventory Routing Problem}
}

%Scientific papers
@article{Wagelmans92,
	author = {Wagelmans, A. and Van Hoesel, S.  and Kolen, A.},
	title = {Economic lot sizing: an ${O}(n\log n)$ algorithm that runs in linear time in the Wagner-Whitin case},
	journal = OR,
	volume = {40},
	number = {S1},
	pages = {145-156},
	year = {1992}
}

%Books
@book{Zipkin00,
author = {Zipkin, P.H.},
title = {{F}oundations of {I}nventory {C}ontrol},
publisher = {McGraw-Hill/Irwin},
year = {2000}
}
