
@article{Ago2007,
  title={Simultaneous Optimization of Storage Allocation and Routing Problems for Belt-conveyor Transportation},
  author={Ago, Masatoshi and Nishi, Tatsushi and Konishi, Masami},
  journal={Journal of Advanced Mechanical Design, Systems, and Manufacturing},
  volume={1},
  number={2},
  pages={250-261},
  year={2007},
}

@article{AhmadiJavid2010,
	title = {Incorporating location, routing and inventory decisions in supply chain network design},
	volume = {46},
	number = {5},
	journal = {Transportation Research Part E},
	author = {Ahmadi Javid, Amir and Azad, Nader},
	year = {2010},
	pages = {582--597}
}

@article{AhmSed2012,
	title = {A location-routing-inventory model for designing multisource distribution networks},
	volume = {44},
	issn = {0305-215X},
	doi = {10.1080/0305215X.2011.600756},
	number = {6},
	journal = {Eng. Optimiz.},
	author = {Ahmadi-Javid, Amir and Seddighi, Amir Hossein},
	year = {2012},
	pages = {637--656}
}

@article{AmbScu05,
	title = {Distribution network design: {New} problems and related models},
	volume = {165},
	issn = {0377-2217},
	shorttitle = {Distribution network design},
	number = {3},
	journal = {Eur. J. Oper. Res.},
	author = {Ambrosino, D. and Scutella, M. G.},
	year = {2005},
	pages = {610--624}
}


@article{Archetti2007,
	title = {A {Branch}-and-{Cut} {Algorithm} for a {Vendor}-{Managed} {Inventory}-{Routing} {Problem}},
	volume = {41},
	number = {3},
	journal = {Transportation Science},
	author = {Archetti, Claudia and Bertazzi, Luca and Laporte, Gilbert and Speranza, Maria Grazia},
	year = {2007},
	pages = {382--391},
}

@article{Asadi2018,
author = {Ehsan Asadi and Farhad Habibi and Stefan Nickel and Hadi Sahebi},
title = {A bi-objective stochastic location-inventory-routing model for microalgae-based biofuel supply chain},
journal = {Applied Energy},
volume = {228},
pages = {2235 - 2261},
year = {2018},
}


@article{balcik_coordination_2010,
	title = {Coordination in humanitarian relief chains: {Practices}, challenges and opportunities},
	volume = {126},
	issn = {0925-5273},
	number = {1},
	journal = {Int. J. Prod. Econ.},
	author = {Balcik, Burcu and Beamon, Benita M. and Krejci, Caroline C. and Muramatsu, Kyle M. and Ramirez, Magaly},
	month = jul,
	year = {2010},
	pages = {22--34}
}

@article{Bashiri2018, 
author = {Bashiri, Mahdi and Ghasemi, Elaheh},  
title = {A Selective Covering-Inventory- Routing problem to the location of bloodmobile to supply stochastic demand of blood }, 
volume = {29}, 
number = {2},  
journal = {International Journal of Industiral Engineering and Production Research},   
doi = {10.22068/ijiepr.29.2.147},  
year = {2018}  
}

@article{Bertazzi2012,
	author={Bertazzi, Luca	and Speranza, M. Grazia},
	title={Inventory routing problems: an introduction},
	journal={EURO Journal on Transportation and Logistics},
	year={2012},
	month={Dec},
	day={01},
	volume={1},
	number={4},
	pages={307--326},
}

@article{brandenburg_quantitative_2014,
	title = {Quantitative models for sustainable supply chain management: {Developments} and directions},
	volume = {233},
	number = {2},
	journal = {Eur. J. Oper. Res.},
	author = {Brandenburg, Marcus and Govindan, Kannan and Sarkis, Joseph and Seuring, Stefan},
	month = mar,
	year = {2014},
	pages = {299--312}
}


@Inbook{Campbell98,
	author={Campbell, Ann	and Clarke, Lloyd	and Kleywegt, Anton	and Savelsbergh, Martin},
	editor={Crainic, Teodor Gabriel	and Laporte, Gilbert},
	title={The Inventory Routing Problem},
	bookTitle={Fleet Management and Logistics},
	year={1998},
	publisher={Springer US},
	address={Boston, MA},
	pages={95--113},
doi={10.1007/978-1-4615-5755-5_4},
	url={https://doi.org/10.1007/978-1-4615-5755-5_4}
}

@article{Coelho2014,
	title = {Thirty Years of Inventory Routing},
	author = {Coelho, Leandro C. and  Cordeau, Jean-Fran√ßois and Laporte, Gilbert},
	journal = {Transportation Science},
	issue_date = {February 2014},
	volume = {48},
	number = {1},
	month = feb,
	year = {2014},
	pages = {1--19},
	numpages = {19},
	publisher = {INFORMS},
} 

@article{chanchan_stochastic_2008,
	title = {Stochastic {Dynamic} {Location}-{Routing}-{Inventory} {Problem} in {Closed}-loop {Logistics} {System} for {Reusing} {End}-of-use {Products}},
	author = {Chanchan, Wang and Zujun, Ma and Huajun, Li},
	year = {2008},
}


@article{ChenChenSunLiu2014,
title = {Combined {Location} {Routing} and {Inventory} {Problem} of {E}-{Commerce} {Distribution} {System} with {Fuzzy} {Random} {Demand}},
volume = {7},
issn = {1738-9968},
url = {https://www.earticle.net/Article/A231767},
number = {5},
journal = {International Journal of Hybrid Information Technology},
author = {Chen, Dehui and Chen, Dongyan and Sun, Guanglu and Liu, Guangming},
pages = {429--442},
year={2014},
}

@article{DasCShen02,
	title = {An inventory-location model: {F}ormulation, solution algorithm and computational results},
	volume = {110},
	issn = {0254-5330},
	number = {1-4},
	journal = {Ann. Oper. Res.},
	author = {Daskin, M. S. and Coullard, C. R. and Shen, Z. J. M.},
	year = {2002},
	pages = {83--106}
}

@article{Dehghani2017,
author={Dehghani, Ehsan and Behfar, Nima and Jabalameli, Mohammad Saeed},
title={Optimizing location, routing and inventory decisions in an integrated supply chain network under uncertainty},
journal={Journal of Industrial and Systems Engineering},
year={2017},
volume={9},
number={4},
pages={93-111},
}


@article{Deng2016,
	title = {Solving a {Closed}-{Loop} {Location}-{Inventory}-{Routing} {Problem} with {Mixed} {Quality} {Defects} {Returns} in {E}-{Commerce} by {Hybrid} {Ant} {Colony} {Optimization} {Algorithm}},
	journal = {Discrete Dyn. Nat. Soc.},
	author = {Deng, Shuai and Li, Yanhui and Guo, Hao and Liu, Bailing},
	year = {2016},
	keywords = {decisions, Distribution network, heuristic method, model},
	pages = {6467812}
}


@article{diabat_strategic_2013,
	title = {Strategic {Closed}-{Loop} {Facility} {Location} {Problem} {With} {Carbon} {Market} {Trading}},
	volume = {60},
	number = {2},
	journal = {IEEE Trans. Eng. Manage.},
	author = {Diabat, Ali and Abdallah, Tarek and Al-Refaie, Abbas and Svetinovic, Davor and Govindan, Kannan},
	month = may,
	year = {2013},
	pages = {398--408}
}


@article{diabat_location-inventory_2015,
	title = {A location-inventory supply chain problem: {Reformulation} and piecewise linearization},
	volume = {90},
	journal = {Comput. Ind. Eng.},
	author = {Diabat, Ali and Theodorou, Effrosyni},
	year = {2015},
	pages = {381--389}
}


@article{DrexlSchneider2015,
	title = {A survey of variants and extensions of the location-routing problem},
	journal = {European Journal of Operational Research},
	volume = {241},
	number = {2},
	pages = {283 - 308},
	year = {2015},
	issn = {0377-2217},
	doi = {https://doi.org/10.1016/j.ejor.2014.08.030},
	url = {http://www.sciencedirect.com/science/article/pii/S0377221714006651},
	author = {Michael Drexl and Michael Schneider},
}

@article{Eskandari2018,
title = {Designing and optimizing a sustainable supply chain network for a blood platelet bank under uncertainty},
journal = {Engineering Applications of Artificial Intelligence},
volume = {71},
pages = {236 - 250},
year = {2018},
author = {Eskandari-Khanghahi, Marzieh and  Tavakkoli-Moghaddam, Reza and Taleizadeh, Ata Allah and Amin, Saman Hassanzadeh},
}




@article{farahani_location-inventory_2015,
	title = {Location-inventory problem in supply chains: a modelling review},
	volume = {53},
	issn = {0020-7543},
	number = {12},
	journal = {International Journal of Production Research},
	author = {Farahani, Reza Zanjirani and Bajgan, Hannaneh Rashidi and Fahimnia, Behnam and Kaviani, Mohamadreza},
	month = jun,
	year = {2015},
	pages = {3769--3788},
}

@article{Forouzanfar2018,
author={Forouzanfar, F. and Tavakkoli-Moghaddam, R. and Bashiri, M. and Baboli, A. and Hadji Molana, S. M.},
title={New mathematical modeling for a location--routing--inventory problem in a multi-period closed-loop supply chain in a car industry},
journal={Journal of Industrial Engineering International},
year={2018},
month={Sep},
day={01},
volume={14},
number={3},
pages={537--553},
}



@article{freling_branch-and-price_2003,
	title = {A branch-and-price algorithm for the multiperiod single-sourcing problem},
	volume = {51},
	number = {6},
	journal = {Oper. Res.},
	author = {Freling, R. and Romeijn, H. E. and Morales, D. R. and Wagelmans, A. P. M.},
	month = dec,
	year = {2003},
	pages = {922--939}
}



@article{hiassat_genetic_2017,
	title = {A genetic algorithm approach for location-inventory-routing problem with perishable products},
	volume = {42},
	language = {English},
	author = {Hiassat, Abdelhalim and Diabat, Ali and Rahwan, Iyad},
	month = jan,
	year = {2017},
	pages = {93--103}
}

@article{gzara_linear_2014,
	title = {Linear location-inventory models for service parts logistics network design},
	volume = {69},
	issn = {0360-8352},
	doi = {10.1016/j.cie.2013.12.014},
	journal = {Comput. Ind. Eng.},
	author = {Gzara, Fatma and Nematollahi, Eissa and Dasci, Abdullah},
	month = mar,
	year = {2014},
	pages = {53--63}
}


@article{Ghorbani2016,
	title = {A hybrid imperialist competitive-simulated annealing algorithm for a multisource multi-product location-routing-inventory problem},
	volume = {101},
	issn = {0360-8352},
	doi = {10.1016/j.cie.2016.08.027},
	journal = {Comput. Ind. Eng.},
	author = {Ghorbani, Atiye and Akbari Jokar, Mohammad Reza},
	month = nov,
	year = {2016},
	keywords = {decisions, Facility location, heuristic method, Imperialist competitive   algorithm, Inventory control problem, Location-routing-inventory Problem, model, network, optimization, Split-sourcing, Vehicle routing},
	pages = {116--127}
}


@article{Guerrero2013,
	title = {Hybrid heuristic for the inventory location-routing problem with deterministic demand},
	volume = {146},
	number = {1},
	journal = {Int. J. Prod. Econ.},
	author = {Guerrero, W. J. and Prodhon, C. and Velasco, N. and Amaya, C. A.},
	month = nov,
	year = {2013},
	pages = {359--370}
}


@article{GuimaraesCoelho2019,
	title = {The two-echelon multi-depot inventory-routing problem},
	journal = {Computers and Operations Research},
	volume = {101},
	pages = {220 - 233},
	year = {2019},
	author = {Thiago A. Guimar√£es and Leandro C. Coelho and Cleder M. Schenekemberg and Cassius T. Scarpin},
}

@article{HabibiAS2018,
author = {Farhad Habibi and Ehsan Asadi and Seyed Jafar Sadjadi},
title = {A location-inventory-routing optimization model for cost effective design of microalgae biofuel distribution system: A case study in Iran},
journal = {Energy Strategy Reviews},
volume = {22},
pages = {82 - 93},
year = {2018},
}

@article{HabibiAS2017,
author = {Farhad Habibi and Ehsan Asadi and Seyed Jafar Sadjadi},
title = {Developing a location-inventory-routing model using METRIC approach in inventory policy},
journal = {Uncertain Supply Chain Management},
volume = {5},
issue = {4},
pages = {337-358},
year = {2017},
}

@INPROCEEDINGS{Hanwu2010,
author={M. Hanwu and Y. Xiang and Z. Dengfan},
booktitle={2010 7th International Conference on Service Systems and Service Management},
title={The research into ILRIP for single-stage logistics distribution network under stochastic demand based on JITD},
year={2010},
volume={},
number={},
pages={1-6},
month={June},
}

@article{Hiassat2017,
	title = {A genetic algorithm approach for location-inventory-routing problem with perishable products},
	volume = {42},
	journal = {Journal of Manufacturing Systems},
	author = {Hiassat, Abdelhalim and Diabat, Ali and Rahwan, Iyad},
	year = {2017},
	pages = {93 -- 103}
}

@InProceedings{HuberGeiger2018,
author={Huber, Sandra and Geiger, Martin Josef},
editor={Fink, Andreas and F{\"u}genschuh, Armin and Geiger, Martin Josef},
title={Long-Term Consequences of Depot Decisions for the Inventory Routing Problem},
booktitle={Operations Research Proceedings 2016},
year={2018},
publisher={Springer International Publishing},
address={Cham},
pages={383--389},
}

@incollection{kaviani_location-inventory_2009,
	author = {Kaviani, Mohamadreza},
	address = {Heidelberg},
	series = {Contributions to {Management} {Science}},
	title = {Location-{Inventory} {Problem}},
	language = {en},
	urldate = {2019-03-06},
	booktitle = {Facility {Location}: {Concepts}, {Models}, {Algorithms} and {Case} {Studies}},
	publisher = {Physica-Verlag HD},
	editor = {Zanjirani Farahani, Reza and Hekmatfar, Masoud},
	year = {2009},
	pages = {451--471}
}


@misc{Laporte1987,
	title = {Location-routing problems},
	author = {Laporte, G},
	place = {Canada},
	year = {1987},
	month = {Jan},
}

@article{Lehrlaly2016,
	author = {Lerhlaly, Sanaa and Lebbar, Maria and Allaoui, Hamid and Ouazar, D and Afifi, Sohaib},
	year = {2016},
	month = {01},
	pages = {303-314},
	title = {An Integrated Inventory Location Routing Problem Considering CO2 Emissions},
	volume = {9},
	journal = {Contemporary Engineering Sciences},
	doi = {10.12988/ces.2016.512326}
}

@article{LiGuoWangFu2013,
	title = {A Hybrid Genetic-Simulated Annealing Algorithm for the Location-Inventory-Routing Problem Considering Returns under E-Supply Chain Environment},
	volume = {2013},
	number = {ID 125893},
	journal = {The Scientific World Journal},
	author = {Li, Yanhui and Guo, Hao and  Wang, Lin and  Fu, Jing},
}

@incollection{liao_capacitated_2009,
	address = {Berlin},
	title = {A {Capacitated} {Inventory}-{Location} {Model}: {Formulation}, {Solution} {Approach} and {Preliminary} {Computational} {Results}},
	volume = {5579},
	booktitle = {Next-{Generation} {Applied} {Intelligence}, {Proceedings}},
	publisher = {Springer-Verlag Berlin},
	author = {Liao, Shu-Hsien and Hsieh, Chia-Lin},
	editor = {Chien, B. C. and Hong, T. P. and Chen, S. M. and Ali, M.},
	year = {2009},
	pages = {323--332}
}



@article{LiuLee03,
	title = {A two-phase heuristic method for the multi-depot location routing problem taking inventory control decisions into consideration},
	volume = {22},
	number = {11-12},
	journal = {Int. J. Adv. Manuf. Technol.},
	author = {Liu, S. C. and Lee, S. B.},
	month = dec,
	year = {2003},
	pages = {941--950}
}


@article{LiuLin05,
	title = {A heuristic method for the combined location routing and inventory problem},
	volume = {26},
	number = {4},
	journal = {Int. J. Adv. Manuf. Technol.},
	author = {Liu, S. C. and Lin, C. C.},
	month = aug,
	year = {2005},
	pages = {372--381}
}




@article{LiuChenLiLiu2015,
	title = {A Pseudo-Parallel Genetic Algorithm Integrating Simulated Annealing for Stochastic Location-Inventory-Routing Problem with Consideration of Returns in E-Commerce},
	volume = {2015},
	number = {ID 586581},
	journal = {Discrete Dynamics in Nature and Society},
	author = {Liu, Bailing and Chen,  Hui and Li, Yanhui and Liu,  Xiang},
	year = {2015},
}



@article{MaDav05,
	author = {Hongze Ma and Reggie Davidrajuh},
	title = {An iterative approach for distribution chain design in agile virtual environment},
	journal = {Industrial Management \& Data Systems},
	volume = {105},
	number = {6},
	pages = {815-834},
	year = {2005},
}

@book{Maniezzo:2009:MHM:1816396,
	author = {Maniezzo, Vittorio and Sttzle, Thomas and Vo, Stefan},
	title = {Matheuristics: Hybridizing Metaheuristics and Mathematical Programming},
	year = {2009},
	isbn = {144191305X, 9781441913050},
	edition = {1st},
	publisher = {Springer Publishing Company, Incorporated},
} 


@article{Melo2009,
	title = {Facility location and supply chain management ‚Äì A review},
	journal = {European Journal of Operational Research},
	volume = {196},
	number = {2},
	pages = {401 - 412},
	year = {2009},
	author = {M.T. Melo and S. Nickel and F. Saldanha-da-Gama},
}

@article{MetZab10,
	title = {Stochastic optimization of medical supply location and distribution in disaster management},
	volume = {126},
	number = {1},
	journal = {International Journal of Production Economics},
	author = {Mete, Huseyin Onur and Zabinsky, Zelda B.},
	year = {2010},
	pages = {76 -- 84}
}


@article{MinJS98,
	title = {Combined location-routing problems: A synthesis and future research directions},
	journal = {European Journal of Operational Research},
	volume = {108},
	number = {1},
	pages = {1 - 15},
	year = {1998},
	issn = {0377-2217},
	doi = {https://doi.org/10.1016/S0377-2217(97)00172-0},
	url = {http://www.sciencedirect.com/science/article/pii/S0377221797001720},
	author = {Hokey Min and Vaidyanathan Jayaraman and Rajesh Srivastava},
}


@article{MoinSalhi2007,
	author = {N. H. Moin and S. Salhi},
	journal = {The Journal of the Operational Research Society},
	number = {9},
	pages = {1185--1194},
	publisher = {Palgrave Macmillan Journals},
	title = {Inventory Routing Problems: A Logistical Overview},
	volume = {58},
	year = {2007}
}



@article{NagySahli07,
	title = {Location-routing: Issues, models and methods},
	journal = {European Journal of Operational Research},
	volume = {177},
	number = {2},
	pages = {649 - 672},
	year = {2007},
	issn = {0377-2217},
	doi = {https://doi.org/10.1016/j.ejor.2006.04.004},
	author = {G√°bor Nagy and Sa√Ød Salhi},
}

@article{Nekooghadirli2014,
author = {N. Nekooghadirli and R. Tavakkoli-Moghaddam and V.R. Ghezavati and S. Javanmard},
title = {Solving a new bi-objective location-routing-inventory problem in a distribution network by meta-heuristics},
journal = {Computers and Industrial Engineering},
volume = {76},
pages = {204 - 221},
year = {2014},
issn = {0360-8352},
doi = {https://doi.org/10.1016/j.cie.2014.08.004},
url = {http://www.sciencedirect.com/science/article/pii/S0360835214002423},
}

@article{nozick_inventory_2001,
	title = {Inventory, transportation, service quality and the location of distribution centers},
	volume = {129},
	issn = {0377-2217},
	doi = {10.1016/S0377-2217(00)00234-4},
	number = {2},
	journal = {Eur. J. Oper. Res.},
	author = {Nozick, L. K. and Turnquist, M. A.},
	month = mar,
	year = {2001},
	pages = {362--371}
}


@article{PerSir88,
	author = {Jossef Perl and Sompong Sirisoponsilp},
	title = {Distribution Networks: Facility Location, Transportation and Inventory},
	journal = {International Journal of Physical Distribution \& Materials Management},
	volume = {18},
	number = {6},
	pages = {18-26},
	year = {1988},
	doi = {10.1108/eb014705},
}

@article{ProdhonPrins2014,
	title = {A survey of recent research on location-routing problems},
	journal = {European Journal of Operational Research},
	volume = {238},
	number = {1},
	pages = {1 - 17},
	year = {2014},
	issn = {0377-2217},
	doi = {https://doi.org/10.1016/j.ejor.2014.01.005},
	url = {http://www.sciencedirect.com/science/article/pii/S0377221714000071},
	author = {Caroline Prodhon and Christian Prins},
}


@article{Rafie-Majd2018,
title = {Modelling and solving the integrated inventory-location-routing problem in a multi-period and multi-perishable product supply chain with uncertainty: Lagrangian relaxation algorithm},
journal = {Computers and Chemical Engineering},
volume = {109},
pages = {9 - 22},
year = {2018},
author = {Zahra Rafie-Majd and Seyed Hamid Reza Pasandideh and Bahman Naderi},
}

@article{ramezani_new_2013,
	title = {A new multi-objective stochastic model for a forward/reverse logistic network design with responsiveness and quality level},
	volume = {37},
	number = {1-2},
	journal = {Appl. Math. Model.},
	author = {Ramezani, Majid and Bashiri, Mahdi and Tavakkoli-Moghaddam, Reza},
	month = jan,
	year = {2013},
	pages = {328--344}
}

@article{Rayat2017,
title = {Bi-objective reliable location-inventory-routing problem with partial backordering under disruption risks: A modified AMOSA approach},
journal = {Applied Soft Computing},
volume = {59},
pages = {622 - 643},
year = {2017},
author = {Farnaz Rayat and MirMohammad Musavi and Ali Bozorgi-Amiri},
}

@article{Riquelme2016,
	title = {Location arc routing problem with inventory constraints},
	journal = {Computers and Operations Research},
	volume = {76},
	pages = {84 - 94},
	year = {2016},
	author = {Juan-Pablo Riquelme-Rodr√≠guez and Michel Gamache and Andr√© Langevin},
}

@article{Sajjadi2011,
	title = {Multi-products location‚Äìrouting problem integrated with inventory under stochastic demand},
	volume = {7},
	number = {4},
	journal = {International Journal of Industrial and Systems Engineering},
	author = {Sajjadi, Seyed Reza and Cheraghi, S. Hossein},
	year = {2011},
	pages = {454--476},
}

@article{Saragih2018,
title = {A heuristic method for location-inventory-routing problem in a three-echelon supply chain system},
journal = {Computers and Industrial Engineering},
year = {2018},
author = {Nova Indah Saragih and Senator Nur Bahagia and  Suprayogi and Ibnu Syabri},
}


@article{Saif-Eddine2018,
title = {Optimizing Total Supply Chain Cost in Inventory Location Routing Problem Using Developed Hybrid Genetic Algorithm},
journal = {Ain Shams Engineering Journal},
year = {2018},
author = {Ahmad Sayed Saif-Eddine and Mohammed Mostafa El-Beheiry and Amin Kamel El-Kharbotly},
}


@article{Schneider2017,
author={Schneider, Michael	and Drexl, Michael},
title={A survey of the standard location-routing problem},
journal={Annals of Operations Research},
year={2017},
month={Dec},
day={01},
volume={259},
number={1},
pages={389--414},
doi={10.1007/s10479-017-2509-0},
url={https://doi.org/10.1007/s10479-017-2509-0}
}


@article{Seyedhosseini2014,
title = {An Integrated Location-Routing-Inventory Problem by Considering Supply Disruption},
journal = {iBusiness},
volume = {6},
pages = {29-37},
year = {2014},
author = {Seyedhosseini, S. and Bozorgi-Amiri, A. and Daraei, S.},
}


@InProceedings{shariff_location_2016,
	title = {Location {Routing} {Inventory} {Problem} with {Transshipment} points using p-center},
	booktitle = {Proceeding of the 2016 International Conference on Industrial Engineering, Management Science and Applications},
	author = {Shariff, S. Sarifah Radiah and Omar, Mohd and Moin, Noor Hasnah},
	year = {2016},
}


@article{Shen07,
	title = {Incorporating inventory and routing costs in strategic location models},
	volume = {179},
	number = {2},
	journal = {Eur. J. Oper. Res.},
	author = {Shen, Zuo-Jun Max and Qi, Lian},
	month = jun,
	year = {2007},
	pages = {372--389}
}


@article{stefanello_matheuristics_2015,
	title = {Matheuristics for the capacitated p-median problem},
	volume = {22},
	issn = {0969-6016},
	doi = {10.1111/itor.12103},
	number = {1},
	journal = {Int. Trans. Oper. Res.},
	author = {Stefanello, Fernando and de Araujo, Olinto C. B. and Mueller, Felipe M.},
	month = jan,
	year = {2015},
	pages = {149--167}
}



@article{Tang2016,
AUTHOR = {Tang, Jinhuan and Ji, Shoufeng and Jiang, Liwen},
TITLE = {The Design of a Sustainable Location-Routing-Inventory Model Considering Consumer Environmental Behavior},
JOURNAL = {Sustainability},
VOLUME = {8},
YEAR = {2016},
NUMBER = {3},
ARTICLE-NUMBER = {211},
}

@article{TavakkoliIFAC2016,
	title = {A {New} {Bi}-{Objective} {Location}-{Routing}-{Inventory} {Problem} with {Fuzzy} {Demands}},
	volume = {49},
	number = {12},
	journal = {IFAC PapersOnline},
	author = {Tavakkoli-Moghaddam, R. and Raiei, Z.},
	year = {2016},
	keywords = {Bi-objective model, Facility location, Fuzzy system, Inventory   decision, model, Vehicle routing},
	pages = {1116--1121}
}


@article{Tavana2018,
title = {An integrated location-inventory-routing humanitarian supply chain network with pre- and post-disaster management considerations},
journal = {Socio-Economic Planning Sciences},
volume = {64},
pages = {21 - 37},
year = {2018},
author = {Madjid Tavana and Amir-Reza Abtahi and Debora Di Caprio and Reza Hashemi and Reza Yousefi-Zenouz},
}


@article{Vahdani2018,
title = {Two-stage multi-objective location-routing-inventory model for humanitarian logistics network design under uncertainty},
journal = {International Journal of Disaster Risk Reduction},
volume = {27},
pages = {290 - 306},
year = {2018},
author = {Behnam Vahdani and D. Veysmoradi and F. Noori and F. Mansour},
}


@article{Yuchi2016,
	title = {A Location-Inventory-Routing Problem in Forward and Reverse Logistics Network Design},
	journal = {Discrete Dyn. Nat. Soc.},
	author = {Yuchi, Qunli and He, Zhengwen and Yang, Zhen and Wang, Nengmin},
	year = {2016},
	note = {Article ID: 3475369}
	
	
}

@article{Zhalechian2016,
	title = {Sustainable design of a closed-loop location-routing-inventory supply chain network under mixed uncertainty},
	volume = {89},
	journal = {Transportation Research Part E. },
	author = {Zhalechian, M. and Tavakkoli-Moghaddam, R. and Zahiri, B. and Mohammadi, M.},
	month = may,
	year = {2016},
	pages = {182--214}
}


@article{Zhang2014,
	title = {Hybrid metaheuristic solutions to inventory location routing problem},
	volume = {70},
	journal = {Transportation Research part E. },
	author = {Zhang, Ying and Qi, Mingyao and Miao, Lixin and Liu, Erchao},
	month = oct,
	year = {2014},
	pages = {305--323}
}


@INPROCEEDINGS{ZhangMaJiang2008,
author={B. Zhang and Z. Ma and S. Jiang},
booktitle={2008 4th International Conference on Wireless Communications, Networking and Mobile Computing},
title={Location-Routing-Inventory Problem with Stochastic Demand in Logistics Distribution Systems},
year={2008},
pages={1-4},
month={Oct},
}




@article{Zheng2019,
title = {Integrated optimization of location, inventory and routing in supply chain network design},
volume = {121},
journal = {Transportation Research Part B: Methodological},
author = {Zheng, Xiaojin and Yin, Meixia and Zhang, Yanxia},
year = {2019},
pages = {1--20},
}






