
@article{magnanti_convex_1993,
	title = {The convex hull of two core capacitated network design problems},
	volume = {60},
	number = {1-3},
	urldate = {2018-04-27},
	journal = {Mathematical Programming},
	author = {Magnanti, Thomas L. and Mirchandani, Prakash and Vachani, Rita},
	month = jun,
	year = {1993},
	pages = {233--250},
}

@article{atamturk_splittable_2002,
	title = {On splittable and unsplittable flow capacitated network design arc–set polyhedra},
	volume = {92},
	number = {2},
	urldate = {2018-05-24},
	journal = {Mathematical Programming},
	author = {Atamtürk, Alper and Rajan, Deepak},
	month = apr,
	year = {2002},
	pages = {315--333},
}
